<?xml version="1.0" encoding="UTF-8"?><collection xmlns="http://www.loc.gov/MARC21/slim"><record><leader>00461nam--2200133-i-4500</leader><controlfield tag="001">000036381</controlfield><controlfield tag="002">20161230</controlfield><controlfield tag="005">20161230201040</controlfield><controlfield tag="008">060222s1000------------r-----000-0-eng-d</controlfield><datafield ind1=" " ind2=" " tag="080"><subfield code="a">519.688(043)</subfield></datafield><datafield ind1=" " ind2=" " tag="100"><subfield code="a">Portal, Dominique</subfield></datafield><datafield ind1=" " ind2=" " tag="245"><subfield code="a">Conception d`un systeme automatise de gestion de la scolarite de l`rnseignement superieur</subfield></datafield><datafield ind1=" " ind2=" " tag="260"><subfield code="a">Grenoble, Universite Scientifique Et Medicale Et Institut National Polytechnique De Grenoble, 1975, 147p</subfield></datafield><datafield ind1=" " ind2=" " tag="852"><subfield code="a">44074</subfield></datafield></record></collection>